<?xml version="1.0" encoding="UTF-8"?><record xmlns="http://www.loc.gov/MARC21/slim" xmlns:cinclude="http://apache.org/cocoon/include/1.0" xmlns:zs="http://www.loc.gov/zing/srw/">
  <leader>00444nz  a2200133n  4500</leader>
  <controlfield tag="001">n  86066885 </controlfield>
  <controlfield tag="003">DLC</controlfield>
  <controlfield tag="005">19870305054155.6</controlfield>
  <controlfield tag="008">861229n| acannaab|          |n aaa |||  </controlfield>
  <datafield tag="010" ind1=" " ind2=" ">
    <subfield code="a">n  86066885 </subfield>
  </datafield>
  <datafield tag="040" ind1=" " ind2=" ">
    <subfield code="a">DLC</subfield>
    <subfield code="c">DLC</subfield>
  </datafield>
  <datafield tag="100" ind1="1" ind2="0">
    <subfield code="a">LaFramboise, Leon W.</subfield>
  </datafield>
  <datafield tag="670" ind1=" " ind2=" ">
    <subfield code="a">His History of the administrative and technical services branch of service insignia, 1986:</subfield>
    <subfield code="b">t.p. (Leon W. LaFramboise)</subfield>
  </datafield>
  <datafield tag="670" ind1=" " ind2=" ">
    <subfield code="a">LC data base, 12-23-86</subfield>
    <subfield code="b">(hdg.: LaFramboise, Leon W.)</subfield>
  </datafield>
</record>